<record><leader>00000cas a2200000 a 4500</leader><controlfield tag="001">44389340</controlfield><controlfield tag="008">000612d18761938vtuwr ne      0    0eng c</controlfield><datafield ind1=" " ind2=" " tag="010"><subfield code="a">sn 00064180 </subfield></datafield><datafield ind1=" " ind2=" " tag="040"><subfield code="a">NVN</subfield><subfield code="b">eng</subfield><subfield code="c">NVN</subfield><subfield code="d">OCLCQ</subfield><subfield code="d">OCLCF</subfield><subfield code="d">OCLCO</subfield></datafield><datafield ind1="1" ind2=" " tag="029"><subfield code="a">AU@</subfield><subfield code="b">000021635067</subfield></datafield><datafield ind1=" " ind2=" " tag="042"><subfield code="a">pcc</subfield></datafield><datafield ind1=" " ind2=" " tag="043"><subfield code="a">n-us-vt</subfield></datafield><datafield ind1="0" ind2="4" tag="245"><subfield code="a">The Fairfax eagle.</subfield></datafield><datafield ind1="1" ind2="7" tag="246"><subfield code="a">Burlington suburban list</subfield></datafield><datafield ind1=" " ind2=" " tag="260"><subfield code="a">Essex Junction, Vt. :</subfield><subfield code="b">Essex Pub. Co.</subfield></datafield><datafield ind1=" " ind2=" " tag="300"><subfield code="a">v.</subfield></datafield><datafield ind1=" " ind2=" " tag="310"><subfield code="a">Weekly</subfield></datafield><datafield ind1="1" ind2=" " tag="362"><subfield code="a">Began in 1876? Ceased June 16, 1938.</subfield></datafield><datafield ind1=" " ind2=" " tag="588"><subfield code="a">Description based on: Vol. 39, no. 34 (Aug. 27, 1914).</subfield></datafield><datafield ind1=" " ind2="0" tag="651"><subfield code="a">Fairfax (Vt. : Town)</subfield><subfield code="v">Newspapers.</subfield></datafield><datafield ind1=" " ind2="0" tag="651"><subfield code="a">Franklin County (Vt.)</subfield><subfield code="v">Newspapers.</subfield></datafield><datafield ind1=" " ind2="0" tag="651"><subfield code="a">Vermont</subfield><subfield code="v">Newspapers.</subfield></datafield><datafield ind1=" " ind2="7" tag="655"><subfield code="a">Newspapers.</subfield><subfield code="2">fast</subfield><subfield code="0">(OCoLC)fst01423814</subfield></datafield><datafield ind1=" " ind2="7" tag="651"><subfield code="a">Vermont.</subfield><subfield code="2">fast</subfield><subfield code="0">(OCoLC)fst01204305</subfield></datafield><datafield ind1=" " ind2="7" tag="651"><subfield code="a">Vermont</subfield><subfield code="z">Fairfax (Town)</subfield><subfield code="2">fast</subfield><subfield code="0">(OCoLC)fst01331232</subfield></datafield><datafield ind1=" " ind2="7" tag="651"><subfield code="a">Vermont</subfield><subfield code="z">Franklin County.</subfield><subfield code="2">fast</subfield><subfield code="0">(OCoLC)fst01209445</subfield></datafield><datafield ind1=" " ind2=" " tag="752"><subfield code="a">United States</subfield><subfield code="b">Vermont</subfield><subfield code="c">Chittenden</subfield><subfield code="d">Essex Junction.</subfield></datafield><datafield ind1="0" ind2=" " tag="775"><subfield code="t">Burlington clipper</subfield><subfield code="w">(DLC)sn 84023020</subfield><subfield code="w">(OCoLC)10687529</subfield></datafield><datafield ind1="0" ind2=" " tag="775"><subfield code="t">Winooski journal</subfield><subfield code="w">(DLC)sn 97067604</subfield><subfield code="w">(OCoLC)37912531</subfield></datafield><datafield ind1="0" ind2=" " tag="775"><subfield code="t">Essex eagle (Essex Junction, Vt.)</subfield><subfield code="w">(DLC)sn 98069109</subfield><subfield code="w">(OCoLC)40513717</subfield></datafield><datafield ind1="0" ind2=" " tag="775"><subfield code="t">Hinesburgh recorder</subfield><subfield code="w">(DLC)sn 97067607</subfield><subfield code="w">(OCoLC)37912918</subfield></datafield><datafield ind1="0" ind2=" " tag="775"><subfield code="t">Essex record</subfield><subfield code="w">(DLC)sn 97067608</subfield><subfield code="w">(OCoLC)37913127</subfield></datafield><datafield ind1="0" ind2=" " tag="775"><subfield code="t">Jericho reporter (Jericho, Vt.)</subfield><subfield code="w">(DLC)sn 97067602</subfield><subfield code="w">(OCoLC)37907225</subfield></datafield><datafield ind1="0" ind2=" " tag="775"><subfield code="t">Milton rays</subfield><subfield code="w">(DLC)sn 97067540</subfield><subfield code="w">(OCoLC)37358168</subfield></datafield><datafield ind1="0" ind2=" " tag="775"><subfield code="t">Underhill enterprise</subfield><subfield code="w">(DLC)sn 97067550</subfield><subfield code="w">(OCoLC)37413605</subfield></datafield><datafield ind1="0" ind2=" " tag="775"><subfield code="t">Richmond gazette (Essex Junction, Vt.)</subfield><subfield code="w">(DLC)sn 97067603</subfield><subfield code="w">(OCoLC)37912435</subfield></datafield><datafield ind1="0" ind2=" " tag="775"><subfield code="t">Charlotte chronicle (Essex Junction, Vt.)</subfield><subfield code="w">(DLC)sn 97067606</subfield><subfield code="w">(OCoLC)37912753</subfield></datafield><datafield ind1="0" ind2=" " tag="775"><subfield code="t">Shelburne review</subfield><subfield code="w">(DLC)sn 97067605</subfield><subfield code="w">(OCoLC)37912685</subfield></datafield><datafield ind1="0" ind2="4" tag="785"><subfield code="t">Burlington suburban list</subfield><subfield code="w">(DLC)sn 88061042</subfield><subfield code="w">(OCoLC)3955996</subfield></datafield></record>